@book{Yuan_1991,
    title = {近代概率引论:测度、鞅和随机微分方程},
	author = {袁震东},
    publisher = {科学出版社},
	year = {1991},
}